@inproceedings{gidden_agent-based_2013,
	address = {Salt Lake City, {UT}, United States},
	title = {An Agent-Based Framework for Fuel Cycle Simulation with Recycling},
	booktitle = {Proceedings of {GLOBAL}},
	author = {Gidden, Matthew and Wilson, Paul},
	month = sep,
	year = {2013},
	file = {abstract.pdf:/filespace/people/g/gidden/.zotero/zotero/r4cvjg0j.default/zotero/storage/K5HAE4UP/abstract.pdf:application/pdf;paper.pdf:/filespace/people/g/gidden/.zotero/zotero/r4cvjg0j.default/zotero/storage/UP53JEMP/paper.pdf:application/pdf}
}
